<?xml version="1.0" encoding="UTF-8"?>
<record xmlns="http://www.loc.gov/MARC21/slim" xmlns:xsi="http://www.w3.org/2001/XMLSchema-instance" xsi:schemaLocation="http://www.loc.gov/MARC21/slim http://www.loc.gov/standards/marcxml/schema/MARC21slim.xsd">
<leader>00000cam a2200409   4500</leader>
<controlfield tag="001">002298499</controlfield>
<controlfield tag="003">NNU</controlfield>
<controlfield tag="005">20150223131012.0</controlfield>
<controlfield tag="008">891212m19131919ua       e    000 0 arar</controlfield>
<datafield tag="010" ind1=" " ind2=" ">
<subfield code="a">74219361</subfield>
</datafield>
<datafield tag="035" ind1="9" ind2=" ">
<subfield code="a">NYUb11401870</subfield>
</datafield>
<datafield tag="035" ind1=" " ind2=" ">
<subfield code="a">(CStRLIN)NYUG89-B46530</subfield>
</datafield>
<datafield tag="035" ind1=" " ind2=" ">
<subfield code="a">GLIS007633866</subfield>
</datafield>
<datafield tag="040" ind1=" " ind2=" ">
<subfield code="c">NNU</subfield>
<subfield code="d">NNU</subfield>
</datafield>
<datafield tag="050" ind1=" " ind2="0">
<subfield code="a">AE2</subfield>
<subfield code="b">.Q3 1903</subfield>
</datafield>
<datafield tag="090" ind1=" " ind2=" ">
<subfield code="a">AE2</subfield>
<subfield code="b">.Q3 1903</subfield>
<subfield code="i">01/12/90 CT</subfield>
</datafield>
<datafield tag="100" ind1="1" ind2=" ">
<subfield code="a">Qalqashandī, Aḥmad ibn ʻAlī,</subfield>
<subfield code="d">1355 or 6-1418.</subfield>
</datafield>
<datafield tag="240" ind1="1" ind2="0">
<subfield code="a">Ṣubḥ al-aʻshá</subfield>
</datafield>
<datafield tag="245" ind1="1" ind2="0">
<subfield code="a">Kitāb Ṣubḥ al-aʻshá,</subfield>
<subfield code="c">taʼlīf Abī al-ʻAbbās Aḥmad al-Qalqashandī.</subfield>
</datafield>
<datafield tag="260" ind1=" " ind2=" ">
<subfield code="a">al-Qāhirah,</subfield>
<subfield code="b">al-Maṭbaʻah al-Amīrīyah,</subfield>
<subfield code="c">1903-1919.</subfield>
</datafield>
<datafield tag="300" ind1=" " ind2=" ">
<subfield code="a">14 v.</subfield>
<subfield code="c">27 cm.</subfield>
</datafield>
<datafield tag="650" ind1=" " ind2="0">
<subfield code="a">Encyclopedias and dictionaries</subfield>
<subfield code="v">Early works to 1800.</subfield>
</datafield>
<datafield tag="OWN" ind1=" " ind2=" ">
<subfield code="a">GENERAL</subfield>
</datafield>
<datafield tag="903" ind1=" " ind2=" ">
<subfield code="a">OLD</subfield>
</datafield>
<datafield tag="950" ind1=" " ind2=" ">
<subfield code="l">BMAIN</subfield>
<subfield code="n">455:sl\Unanalzyed\</subfield>
<subfield code="i">01/12/90 C</subfield>
</datafield>
<datafield tag="955" ind1=" " ind2=" ">
<subfield code="l">BMAIN</subfield>
<subfield code="c">1:v.14</subfield>
<subfield code="i">01/12/90 C</subfield>
</datafield>
<datafield tag="955" ind1=" " ind2=" ">
<subfield code="l">BMAIN</subfield>
<subfield code="c">1:v.13</subfield>
<subfield code="i">01/12/90 C</subfield>
</datafield>
<datafield tag="955" ind1=" " ind2=" ">
<subfield code="l">BMAIN</subfield>
<subfield code="c">1:v.12</subfield>
<subfield code="i">01/12/90 C</subfield>
</datafield>
<datafield tag="955" ind1=" " ind2=" ">
<subfield code="l">BMAIN</subfield>
<subfield code="c">1:v.11</subfield>
<subfield code="i">01/12/90 C</subfield>
</datafield>
<datafield tag="955" ind1=" " ind2=" ">
<subfield code="l">BMAIN</subfield>
<subfield code="c">1:v.10</subfield>
<subfield code="i">01/12/90 C</subfield>
</datafield>
<datafield tag="955" ind1=" " ind2=" ">
<subfield code="l">BMAIN</subfield>
<subfield code="c">1:v.9</subfield>
<subfield code="i">01/12/90 C</subfield>
</datafield>
<datafield tag="955" ind1=" " ind2=" ">
<subfield code="l">BMAIN</subfield>
<subfield code="c">1:v.8</subfield>
<subfield code="i">01/12/90 C</subfield>
</datafield>
<datafield tag="955" ind1=" " ind2=" ">
<subfield code="l">BMAIN</subfield>
<subfield code="c">1:v.6</subfield>
<subfield code="i">01/12/90 C</subfield>
</datafield>
<datafield tag="955" ind1=" " ind2=" ">
<subfield code="l">BMAIN</subfield>
<subfield code="c">1:v.5</subfield>
<subfield code="i">01/12/90 C</subfield>
</datafield>
<datafield tag="955" ind1=" " ind2=" ">
<subfield code="l">BMAIN</subfield>
<subfield code="c">1:v.4</subfield>
<subfield code="i">01/12/90 C</subfield>
</datafield>
<datafield tag="955" ind1=" " ind2=" ">
<subfield code="l">BMAIN</subfield>
<subfield code="c">1:v.3</subfield>
<subfield code="i">01/12/90 C</subfield>
</datafield>
<datafield tag="955" ind1=" " ind2=" ">
<subfield code="l">BMAIN</subfield>
<subfield code="c">1:v.2</subfield>
<subfield code="i">01/12/90 C</subfield>
</datafield>
<datafield tag="955" ind1=" " ind2=" ">
<subfield code="l">BMAIN</subfield>
<subfield code="c">1:v.1</subfield>
<subfield code="i">01/12/90 C</subfield>
</datafield>
<datafield tag="998" ind1=" " ind2=" ">
<subfield code="a">01/12/90</subfield>
<subfield code="t">c</subfield>
<subfield code="s">9114</subfield>
<subfield code="n">NNU</subfield>
<subfield code="w">NYUG89B46530</subfield>
<subfield code="d">12/12/89</subfield>
<subfield code="c">MG</subfield>
<subfield code="b">PJV</subfield>
<subfield code="i">900112</subfield>
<subfield code="l">NYUG</subfield>
</datafield>
<datafield tag="AVA" ind1=" " ind2=" ">
<subfield code="a">NYU50</subfield>
<subfield code="b">BOBST</subfield>
<subfield code="c">Main Collection</subfield>
<subfield code="d">AE2 .Q3 1903</subfield>
<subfield code="e">unavailable</subfield>
<subfield code="t">Unavailable</subfield>
<subfield code="f">13</subfield>
<subfield code="g">13</subfield>
<subfield code="h">Y</subfield>
<subfield code="i">2</subfield>
<subfield code="j">MAIN</subfield>
<subfield code="k">0</subfield>
</datafield>
</record>
